<marc:record xmlns:marc="http://www.loc.gov/MARC21/slim" xmlns:xsi="http://www.w3.org/2001/XMLSchema-instance" xsi:schemaLocation="http://www.loc.gov/MARC21/slim http://www.loc.gov/standards/marcxml/schema/MARC21slim.xsd">

  <marc:leader>00767nas a2200181 a 45 0</marc:leader>
  <marc:controlfield tag="001">1382749</marc:controlfield>
  <marc:controlfield tag="003">NL-AMISG</marc:controlfield>
  <marc:controlfield tag="005">20111108083005.0</marc:controlfield>
  <marc:controlfield tag="008">199506suuuuuuuuxxk ||||||||||||||||eng| d</marc:controlfield>
  <marc:datafield ind1=" " ind2=" " tag="035">
    <marc:subfield code="a">(IISG)IISGb10705307</marc:subfield>
  </marc:datafield>
  <marc:datafield ind1=" " ind2=" " tag="040">
    <marc:subfield code="a">NL-AmISG</marc:subfield>
  </marc:datafield>
  <marc:datafield ind1="0" ind2=" " tag="041">
    <marc:subfield code="a">eng</marc:subfield>
    <marc:subfield code="a">fra</marc:subfield>
  </marc:datafield>
  <marc:datafield ind1=" " ind2=" " tag="044">
    <marc:subfield code="a">xxk</marc:subfield>
  </marc:datafield>
  <marc:datafield ind1="1" ind2="0" tag="245">
    <marc:subfield code="a">International directory of eighteenth-century studies =</marc:subfield>
    <marc:subfield code="b">Annuaire international des dix-huitièmistes = Répertoire international des huitièmistes /</marc:subfield>
    <marc:subfield code="c">American Society for Eighteenth-century Studies ; Voltaire Foundation.</marc:subfield>
  </marc:datafield>
  <marc:datafield ind1=" " ind2=" " tag="260">
    <marc:subfield code="a">Oxford [etc.]</marc:subfield>
  </marc:datafield>
  <marc:datafield ind1="2" ind2=" " tag="710">
    <marc:subfield code="a">American Society for Eighteenth-century Studies (Colombus, Oh.)</marc:subfield>
    <marc:subfield code="0">(NL-AMISG)9475</marc:subfield>
  </marc:datafield>
  <marc:datafield ind1="2" ind2=" " tag="710">
    <marc:subfield code="a">Voltaire Foundation (Oxford).</marc:subfield>
    <marc:subfield code="b">Taylor Institution.</marc:subfield>
    <marc:subfield code="0">(NL-AMISG)349131</marc:subfield>
  </marc:datafield>
  <marc:datafield ind1="0" ind2=" " tag="740">
    <marc:subfield code="a">Annuaire international des dix-huitièmistes.</marc:subfield>
  </marc:datafield>
  <marc:datafield ind1="0" ind2=" " tag="740">
    <marc:subfield code="a">Répertoire international des dix-huitièmistes.</marc:subfield>
  </marc:datafield>
  <marc:datafield ind1="4" ind2=" " tag="852">
    <marc:subfield code="a">IISG</marc:subfield>
    <marc:subfield code="b">IISG</marc:subfield>
    <marc:subfield code="c">IISG</marc:subfield>
    <marc:subfield code="j">ZK 46340</marc:subfield>
    <marc:subfield code="n">Available</marc:subfield>
    <marc:subfield code="p">Z116224</marc:subfield>
  </marc:datafield>
  <marc:datafield ind1="0" ind2="0" tag="853">
    <marc:subfield code="8">2</marc:subfield>
    <marc:subfield code="a">(ISS)</marc:subfield>
  </marc:datafield>
  <marc:datafield ind1="5" ind2="0" tag="863">
    <marc:subfield code="8">2.1</marc:subfield>
    <marc:subfield code="a">ISS</marc:subfield>
    <marc:subfield code="p">P863.10360055</marc:subfield>
    <marc:subfield code="w">g</marc:subfield>
  </marc:datafield>
  <marc:datafield ind1="5" ind2="0" tag="866">
    <marc:subfield code="a">7(1991)</marc:subfield>
  </marc:datafield>
  <marc:datafield ind1="4" ind2=" " tag="852">
    <marc:subfield code="a">IISG</marc:subfield>
    <marc:subfield code="b">IISG</marc:subfield>
    <marc:subfield code="c">IISG</marc:subfield>
    <marc:subfield code="j">ZO 44979</marc:subfield>
    <marc:subfield code="n">Available</marc:subfield>
    <marc:subfield code="p">Z116223</marc:subfield>
  </marc:datafield>
  <marc:datafield ind1="0" ind2="0" tag="853">
    <marc:subfield code="8">2</marc:subfield>
    <marc:subfield code="a">(ISS)</marc:subfield>
  </marc:datafield>
  <marc:datafield ind1="5" ind2="0" tag="863">
    <marc:subfield code="8">2.1</marc:subfield>
    <marc:subfield code="a">ISS</marc:subfield>
    <marc:subfield code="p">P863.10360054</marc:subfield>
  </marc:datafield>
  <marc:datafield ind1="5" ind2="0" tag="866">
    <marc:subfield code="a">4(1979); (1995)</marc:subfield>
  </marc:datafield>
  <marc:datafield ind1=" " ind2=" " tag="901">
    <marc:subfield code="a">1382749</marc:subfield>
    <marc:subfield code="b">Unknown</marc:subfield>
    <marc:subfield code="c">1382749</marc:subfield>
    <marc:subfield code="t">biblio</marc:subfield>
  </marc:datafield>
  <marc:datafield ind1=" " ind2=" " tag="902">
    <marc:subfield code="a">10622/949B5198-CE82-473A-A862-4D5CAA55FE21</marc:subfield>
  </marc:datafield>
</marc:record>
